<?xml version="1.0" encoding="UTF-8"?><collection xmlns="http://www.loc.gov/MARC21/slim"><record><leader>00495nam--2200169-i-4500</leader><controlfield tag="001">000048084</controlfield><controlfield tag="002">20161230</controlfield><controlfield tag="005">20161230201046</controlfield><controlfield tag="008">060222s1000------------r-----000-0-eng-d</controlfield><datafield ind1=" " ind2=" " tag="040"><subfield code="a">IFIN-HH</subfield></datafield><datafield ind1=" " ind2=" " tag="080"><subfield code="a">681.3.06.519.283</subfield></datafield><datafield ind1="1" ind2=" " tag="100"><subfield code="a">Zoutendijk, G</subfield></datafield><datafield ind1="1" ind2="0" tag="245"><subfield code="a">Methods of feasible directions. a study in linear and non-linear programming</subfield><subfield code="c">G. zoutendijk</subfield></datafield><datafield ind1=" " ind2=" " tag="260"><subfield code="a">Amsterdam</subfield><subfield code="b">Elsevier Publishing Company</subfield><subfield code="c">1960</subfield></datafield><datafield ind1=" " ind2=" " tag="300"><subfield code="a">126P</subfield></datafield><datafield ind1=" " ind2=" " tag="852"><subfield code="a">21154</subfield><subfield code="c">519.283</subfield></datafield><datafield ind1=" " ind2=" " tag="CAT"><subfield code="a">Sys</subfield><subfield code="c">20130807</subfield><subfield code="h">103854</subfield></datafield></record></collection>